<?xml version="1.0" encoding="UTF-8"?><record xmlns="http://www.loc.gov/MARC21/slim" xmlns:cinclude="http://apache.org/cocoon/include/1.0" xmlns:zs="http://www.loc.gov/zing/srw/">
  <leader>01058cz  a2200205n  4500</leader>
  <controlfield tag="001">n  42022073 </controlfield>
  <controlfield tag="003">DLC</controlfield>
  <controlfield tag="005">19891218133822.6</controlfield>
  <controlfield tag="008">830326n| acaabaaa|          |a ana |||  </controlfield>
  <datafield tag="010" ind1=" " ind2=" ">
    <subfield code="a">n  42022073 </subfield>
  </datafield>
  <datafield tag="040" ind1=" " ind2=" ">
    <subfield code="a">DLC</subfield>
    <subfield code="c">DLC</subfield>
    <subfield code="d">DLC</subfield>
  </datafield>
  <datafield tag="130" ind1=" " ind2="0">
    <subfield code="a">Seminar proceedings (National Institute of Development and Cultural Research (Botswana). Documentation Unit)</subfield>
  </datafield>
  <datafield tag="410" ind1="2" ind2="0">
    <subfield code="a">National Institute of Development and Cultural Research (Botswana).</subfield>
    <subfield code="b">Documentation Unit.</subfield>
    <subfield code="t">Seminar proceedings</subfield>
  </datafield>
  <datafield tag="530" ind1=" " ind2="0">
    <subfield code="a">Seminar proceedings (National Institute of Development Research &amp; Documentation (Botswana))</subfield>
  </datafield>
  <datafield tag="643" ind1=" " ind2=" ">
    <subfield code="a">Gaborone</subfield>
    <subfield code="b">National Institute of Development and Cultural Research, Documentation Unit, University College of Botswana</subfield>
  </datafield>
  <datafield tag="644" ind1=" " ind2=" ">
    <subfield code="a">f</subfield>
    <subfield code="5">DLC</subfield>
  </datafield>
  <datafield tag="645" ind1=" " ind2=" ">
    <subfield code="a">t</subfield>
    <subfield code="5">DLC</subfield>
  </datafield>
  <datafield tag="646" ind1=" " ind2=" ">
    <subfield code="a">s</subfield>
    <subfield code="5">DLC</subfield>
  </datafield>
  <datafield tag="670" ind1=" " ind2=" ">
    <subfield code="a">Report on "Use of Information and Documentation for Planning and Decision Making." 1981.</subfield>
  </datafield>
  <datafield tag="675" ind1=" " ind2=" ">
    <subfield code="a">Problems and prospects for foodgrain production in Botswana, 1983: t.p. (Seminar proceedings [issued by National Institute of Development Research and Documentation])</subfield>
  </datafield>
</record>